<record><leader>00000cas a22000007a 4500</leader><controlfield tag="001">14053261</controlfield><controlfield tag="008">860806d192619uutxudn ne      0    0eng d</controlfield><datafield ind1=" " ind2=" " tag="010"><subfield code="a">sn 86088132 </subfield></datafield><datafield ind1=" " ind2=" " tag="040"><subfield code="a">PPM</subfield><subfield code="b">eng</subfield><subfield code="c">PPM</subfield><subfield code="d">OCLCQ</subfield></datafield><datafield ind1=" " ind2=" " tag="042"><subfield code="a">msc</subfield></datafield><datafield ind1="0" ind2="0" tag="245"><subfield code="a">Borger daily herald.</subfield></datafield><datafield ind1=" " ind2=" " tag="260"><subfield code="a">Borger, Tex. :</subfield><subfield code="b">Nunn-Warren Pub. Co.</subfield></datafield><datafield ind1=" " ind2=" " tag="300"><subfield code="a">v. :</subfield><subfield code="b">ill.</subfield></datafield><datafield ind1=" " ind2=" " tag="310"><subfield code="a">Daily (except Sat.)</subfield></datafield><datafield ind1="1" ind2=" " tag="362"><subfield code="a">Began in 1926?</subfield></datafield><datafield ind1=" " ind2=" " tag="588"><subfield code="a">Description based on: Vol. 1, no. 60 (Feb. 1, 1927).</subfield></datafield><datafield ind1=" " ind2=" " tag="752"><subfield code="a">United States</subfield><subfield code="b">Texas</subfield><subfield code="c">Hutchinson</subfield><subfield code="d">Borger.</subfield></datafield><datafield ind1="0" ind2=" " tag="775"><subfield code="t">Hutchinson County herald</subfield><subfield code="w">(DLC)sn 86090263</subfield></datafield><datafield ind1="0" ind2="0" tag="785"><subfield code="t">Borger news-herald</subfield><subfield code="w">(DLC)sn 86088170</subfield></datafield></record>